@article{JBEMI1893,
	author = {Ren-You Huang and Lan-Rong Dung and Cheng-Fa Chu and Yin-Yi Wu},
	title = {Noise Removal and Contrast Enhancement for X-Ray Images},
	journal = {Journal of Biomedical Engineering and Medical Imaging},
	volume = {3},
	number = {1},
	year = {2016},
	keywords = {Medical Image Processing; Noise Reduction; Contrast Enhancement; X-ray images},
	pages = {56},	
	doi = {10.14738/jbemi.31.1893},
	url = {http://scholarpublishing.org/index.php/JBEMi/article/view/1893}
}

@article{cootes2000introduction,
  title={An introduction to active shape models},
  author={Cootes, Tim and Baldock, ER and Graham, J},
  journal={Image processing and analysis},
  pages={223--248},
  year={2000},
  publisher={Oxford University Press}
}